% vim:ts=4:sw=4

@article{eric-review,
	author = {Eric Galin and Eric Guérin and Adrien Peytavie and Guillaume Cordonnier and Mariccaule Cani and Bedrich Benes and James Gain},
	title = {A Review of Digital Terrain Modeling},
	type = {J},
	journal = {Computer Graphics Forum},
	date = {2019},
	language = {english},
}

@online{unreal,
	author = {Epic Games},
	title = {Unreal Official Website},
	type = {M/OL},
	url = {https://www.unrealengine.com/zh-CN},
	urldate = {2020-01-21},
	language = {english}
}

@online{unity,
	author = {Unity},
	title = {Unity Official Website},
	type = {M/OL},
	url = {https://unity.com},
	urldate = {2020-01-21},
	language = {english}
}

@online{cry-engine,
	author = {CryEngine},
	title = {CryEngine Official Website},
	type = {M/OL},
	url = {https://www.cryengine.com},
	urldate = {2020-01-21},
	language = {english}
}

@online{houdini,
	author = {SideFx},
	title = {Houdini Official Website},
	type = {M/OL},
	url = {https://www.sidefx.com},
	urldate = {2020-01-21},
	language = {english}
}

@online{world-machine,
	author = {World Machine Software, LLC},
	title = {World-machine Official Website},
	type = {M/OL},
	url = {https://www.world-machine.com},
	urldate = {2020-01-21},
	language = {english}
}

@online{terragen,
	author = {Planetside Software},
	title = {Planetside Software Official Website},
	type = {M/OL},
	url = {https://planetside.co.uk},
	urldate = {2020-01-21},
	language = {english}
}

@online{aster,
	author = {NASA},
	title = {NASA Official Website},
	type = {M/OL},
	url = {https://asterweb.jpl.nasa.gov/gdem.asp},
	urldate = {2020-01-23},
	language = {english}
}

@online{genesis,
	author = {Genesis Flight College},
	title = {Genesis Official Website},
	type = {M/OL},
	url = {https://flygenesis.ca},
	urldate = {2020-01-23},
	language = {english}
}

@article{wyvill,
author = {Lipuš, Bogdan and Guid, Nikola},
year = {2005},
month = {02},
pages = {83-91},
title = {A new implicit blending technique for volumetric modelling},
volume = {21},
journal = {The Visual Computer},
doi = {10.1007/s00371-004-0272-0}
}


@online{db,
	author = {Oracle},
	title = {Berkeley Official Website},
	type = {M/OL},
	url = {https://www.oracle.com/database/technologies/related/berkeleydb.html},
	urldate = {2020-01-23},
	language = {english}
}

@masterthesis{summer,
    title = {三维虚拟现实平台中的实时地形场景构建},
    author = {王夏冬},
    school={北京大学},
    year = {2016}
}

@article{distribution,
  title={我国山地植被的垂直分布规律},
  author={刘华训},
  journal={地理学报},
  number={3},
  pages={33-45},
  language={chinese}
}

@article{catmull-rom,
  title={Geometric continuity, shape parameters, and geometric constructions for Catmull-Rom splines},
  author={Derose, Tony D. and Barsky, Brian A.},
  journal={Acm Transactions on Graphics},
  volume={7},
  number={1},
  pages={1-41}
}

@article{Musgrave1998T,
  title={The Synthesis and Rendering of Eroded Fractal Terrains},
  author={Musgrave, F. K. and Kolb, C. E. and Mace, R. S.},
  journal={Computer Graphics},
  volume={23},
  number={3},
  pages={41-50},
  year={1998}
}

@book{fbm,
  title={Texturing and Modeling: A Procedural Approach},
  author={David S. Ebert and Musgrave, F. Kenton and Peachey, Darwyn and Perlin, Ken and Worley, Steven},
  year={2002},
}

@inproceedings{gain-sketching,
  title={Terrain sketching},
  author={Gain, James E. and Marais, Patrick and Straßer, Wolfgang},
  booktitle={Proceedings of the 2009 Symposium on Interactive 3D Graphics, SI3D 2009, February 27 - March 1, 2009, Boston, Massachusetts, USA},
  year={2009},
}

@article{Bene2002Visual,
  title={Visual simulation of hydraulic erosion},
  author={Beneš, Bedřich and Forsbach, Rafael},
  volume={10},
  pages={79-94},
  year={2002},
}

@article{PlatingsCompression,
  title={Compression of Large-Scale Terrain Data for Real-Time Visualization Using a Tiled Quad Tree},
  author={Platings, M. and A. M. Day},
  journal={Computer Graphics Forum},
  volume={23},
  number={4},
  pages={741-759},
}

@inproceedings{Chen2010Design,
  title={Design and realization of 3D visualization system for real-time rendering of large-scale terrain},
  author={Chen, Chang Lin and Wei, Hai Ping and Zhai, Jing Sheng},
  year={2010},
}

@article{seamless,
author = {Deng, Bao and Deng, Tie and Yu, Rong and Yu, Jia},
year = {2012},
month = {09},
pages = {1026-1030},
title = {Seamless Rendering of Large Scale Terrain},
volume = {6-7},
journal = {Advanced Engineering Forum},
doi = {10.4028/www.scientific.net/AEF.6-7.1026}
}

@article{You2003Real,
  title={Real-time rendering of large terrain using quadtree-based triangulation},
  author={You, Kefei},
  year={2003},
}

@article{HnaidiFeature,
  title={Feature based terrain generation using diffusion equation},
  author={Hnaidi, Houssam and Eric Guérin and Samir Akkouche and Adrien Peytavie and Eric Galin},
  journal={Computer Graphics Forum},
  volume={29},
  number={7},
  pages={2179-2186},
}

@inproceedings{Koller1995Virtual,
  title={Virtual GIS: A Real-Time 3D Geographic Information System},
  author={Koller, David and Lindstrom, Peter and Ribarsky, William and Hodges, Larry F. and Faust, Nick and Turner, Gregory},
  year={1995},
}

@inproceedings{Pajarola1998Large,
  title={Large scale terrain visualization using the restricted quadtree triangulation},
  author={Pajarola, Renato},
  booktitle={Visualization '98. Proceedings},
  year={1998},
}

@inproceedings{Dachsbacher2004Rendering,
  title={Rendering Procedural Terrain by Geometry Image Warping},
  author={Dachsbacher, Carsten and Stamminger, Marc},
  booktitle={Proceedings of the 15th Eurographics Workshop on Rendering Techniques, Norköping, Sweden, June 21-23},
  year={2004},
}

@article{GuGeometry,
  title={Geometry images},
  author={Gu, Xianfeng and Gortler, Steven J. and Hoppe, Hugues},
  journal={Acm Transactions on Graphics},
  volume={21},
  number={3},
  pages={355---361},
}

@online{splatting,
	author = {Charles Bloom},
	title = {Terrain Texture Compositing by Blending in the Frame-Buffer},
	type = {M/OL},
	url = {https://www.cbloom.com/3d/techdocs/splatting.txt},
	urldate = {2020-02-11},
	language = {english}
}

@online{ev-globe,
	author = {EV-Image},
	title = {EV-Image official website},
	type = {M/OL},
	url = {http://www.ev-image.com/},
	urldate = {2020-03-26},
	language = {chinese}
}

@article{Niessner,
  title={Feature-adaptive GPU rendering of Catmull-Clark subdivision surfaces},
  author={Matthias Niessner, Charles Loop, Mark Meyer, Tony Derose},
  journal={Acm Transactions on Graphics},
  volume={31},
  number={1},
  pages={6:1–6:11}
}

@inproceedings{Mei2007Fast,
  title={Fast Hydraulic Erosion Simulation and Visualization on GPU},
  author={Mei, Xing and Decaudin, Philippe and Hu, Bao Gang},
  booktitle={Computer Graphics and Applications, 2007. PG '07. 15th Pacific Conference on},
  year={2007}
}

@article{TasseEnhanced,
  title={Enhanced Texture-Based Terrain Synthesis on Graphics Hardware},
  author={Tasse, F. ?P. and J. Gain and P. Marais},
  journal={Computer Graphics Forum},
  volume={31},
  number={6},
  pages={1959---1972}
}

@article{Zhou2007Terrain,
  title={Terrain Synthesis from Digital Elevation Models},
  author={Zhou, Howard and Sun, Jie and Turk, Greg and Rehg, James M.},
  journal={IEEE Transactions on Visualization \& Computer Graphics},
  volume={13},
  number={4},
  pages={834-848},
  year={2007}
}

@inproceedings{Belhadj2007Terrain,
  title={Terrain modeling: A constrained fractal model},
  author={Belhadj, Farès},
  booktitle={Proceedings of the 5th International Conference on Computer Graphics, Virtual Reality, Visualisation and Interaction in Africa, Afrigraph 2007, Grahamstown, South Africa, October 29-31},
  year={2007}
}

@article{Musgrave1998The,
  title={The Synthesis and Rendering of Eroded Fractal Terrains},
  author={Musgrave, F. K. and Kolb, C. E. and Mace, R. S.},
  journal={Computer Graphics},
  volume={23},
  number={3},
  pages={41-50},
  year={1998}
}

@article{CignoniRepresentation,
  title={Representation and visualization of terrain surfaces at variable resolution},
  author={Cignoni, P. and Puppo, E. and Scopigno, R.},
  journal={Visual Computer},
  volume={13},
  number={5},
  pages={199-217},
}

@inproceedings{Pajarola1998Large,
  title={Large scale terrain visualization using the restricted quadtree triangulation},
  author={Pajarola, Renato},
  booktitle={Visualization '98. Proceedings},
  year={1998},
}

@article{沈敬伟,
  title={面向虚拟地理环境的语义数据模型},
  author={沈敬伟 and 闾国年 and 吴明光 and 温永宁 and 张红平},
  journal={计算机应用研究},
  number={10},
  pages={225-227},
}

@online{nangar,
	author = {Nasa},
	title = {Nangar National Park Australia},
	type = {M/OL},
	url = {https://visibleearth.nasa.gov/images/78696/nangar-national-park-australia},
	urldate = {2020-06-13},
	language = {english}
}

@online{thaws,
	author = {Nasa},
	title = {Frozen Finland Thaws},
	type = {M/OL},
	url = {https://earthobservatory.nasa.gov/images/146821/frozen-finland-thaws},
	urldate = {2020-06-13},
	language = {english}
}

